
@online{crypto,
  author = {Wikipédia},
  title  = {Portail de Cryptologie},
  url    = {https://fr.wikipedia.org/wiki/Portail:Cryptologie},
  note   = {[En ligne; page disponible]}
}

@book{dirac,
  title     = {The Principles of Quantum Mechanics},
  author    = {Paul Adrien Maurice Dirac},
  isbn      = {9780198520115},
  series    = {International series of monographs on physics},
  year      = {1981},
  publisher = {Clarendon Press},
  keywords  = {physics}
}

@inproceedings{guiragossian:hal-02115427,
  title       = {{Former le citoyen-soldat sous la R{\'e}publique jacobine}},
  author      = {Guiragossian, Pauline},
  url         = {https://hal-amu.archives-ouvertes.fr/hal-02115427},
  booktitle   = {L'éducation des citoyens, l'éducation des gouvernants},
  address     = {Aix-en-Provence, France},
  year        = {2019},
  month       = Sep,
  hal_id      = {hal-02115427},
  hal_version = {v1}
}

@inbook{topdownApproach,
  author    = {James W. Kurose Keith W. Ross},
  title     = {Computer Networking A Top-Down Approach},
  publisher = {Pearson},
  year      = {2021}
}
    